
@Misc{Server,
	key = {1},
	author = {Sang Hoonshin},
	title = {Server synchronization graph handle tools},
	Thowpublished = {World Intellectual Property Organization},
	year = {2016},
	note = {Recuperado de World Intelectual Property Organization:  \url{https://patentscope.wipo.int/search/es/detail.jsf?docId=KR177851974}}}

@Misc{Edu,
	author = {Hee Jin Kim},
	title = {Educational game engine capable of directly developing and combining content},
	Thowpublished = {World Intellectual Property Organization},
	year = {2011},
	note = {Recuperado de World Intelectual Property Organization:  \url{https://patentscope.wipo.int/search/es/detail.jsf?docId=KR45505487}}}


@Misc{EA,
	author = {Karl E. Jensen and Jeffrey E. Skelton},
	title = {Tool for video game application development},
	note = {Recuperado de World Intelectual Property Organization:  \url{https://patentscope.wipo.int/search/es/detail.jsf?docId=US95593516}} ,
	year = {2015}
}

@Misc{leveledit,
	author = {Wu Haiquan and Chen Hanhui and Li Mao and	Chen Zhenqiu and Yi Yongjun},
	title = {Visual game level editing method and system based on trigger},
	note = {Recuperado de World Intelectual Property Organization:  \url{https://patentscope.wipo.int/search/es/detail.jsf?docId=CN174343411}} ,
	year = {2016}
}

@Misc{multip,
	author = {Dae Kilchoi},
	title = {Game production tool supporting multi platform using game development tool},
	note = {Recuperado de World Intelectual Property Organization:  \url{https://patentscope.wipo.int/search/es/detail.jsf?docId=KR223239545}} ,
	year = {2018}}

@Article{Statista,
	author = {Statista},
	title = {Genre breakdown of video game sales in the United States in 2017},
	note = {Recuperado de Statista:   \url{https://www.statista.com/statistics/189592/breakdown-of-us-video-game-sales-2009-by-genre/}} ,
	year = {2017},
	month = {Mayo}}
	}

@Article{Forbes,
author = {Niall McCarthy},
title = {America's Favorite Video Game Genres [Infographic]},
note = {Recuperado de Forbes:   \url{https://www.forbes.com/sites/unicefusa/2019/01/24/in-photos-10-classrooms-from-around-the-world/#77901ff11748}} ,
year = {2015},
month = {Junio},
day= {26}
}

@Article{Newzoo,
	author = {Tom Wijman},
	title = {Global Games Market Revenues 2018 | Per Region & Segment},
	note = {Recuperado de Newzoo:   \url{https://newzoo.com/insights/articles/global-games-market-reaches-137-9-billion-in-2018 -mobile-games-take-half/}} ,
	year = {2018},
	month = {Abril},
	day= {30}
}

